<?xml version="1.0" encoding="UTF-8"?><record xmlns="http://www.loc.gov/MARC21/slim" xmlns:cinclude="http://apache.org/cocoon/include/1.0" xmlns:zs="http://www.loc.gov/zing/srw/">
  <leader>00418cz  a2200133n  4500</leader>
  <controlfield tag="001">n 2005020874</controlfield>
  <controlfield tag="003">DLC</controlfield>
  <controlfield tag="005">20050503165333.0</controlfield>
  <controlfield tag="008">050322n| acannaabn          |a aaa      </controlfield>
  <datafield tag="010" ind1=" " ind2=" ">
    <subfield code="a">n 2005020874</subfield>
  </datafield>
  <datafield tag="040" ind1=" " ind2=" ">
    <subfield code="a">DLC</subfield>
    <subfield code="b">eng</subfield>
    <subfield code="c">DLC</subfield>
    <subfield code="d">DLC</subfield>
  </datafield>
  <datafield tag="100" ind1="1" ind2=" ">
    <subfield code="a">Huhtamies, Mikko.</subfield>
    <subfield code="t">Sijaissotilasjärjestelmä ja väenotot.</subfield>
    <subfield code="l">Swedish</subfield>
  </datafield>
  <datafield tag="400" ind1="1" ind2=" ">
    <subfield code="a">Huhtamies, Mikko.</subfield>
    <subfield code="t">Knektar och bönder</subfield>
  </datafield>
  <datafield tag="670" ind1=" " ind2=" ">
    <subfield code="a">Huhtamies, Mikko. Knektar och bönder, 2004</subfield>
  </datafield>
</record>